<record><leader>00000cas a22000007a 4500</leader><controlfield tag="001">13778317</controlfield><controlfield tag="008">860625d18741952pauwr ne      0    0eng d</controlfield><datafield ind1=" " ind2=" " tag="010"><subfield code="a">sn 86053533 </subfield></datafield><datafield ind1=" " ind2=" " tag="040"><subfield code="a">NPX</subfield><subfield code="b">eng</subfield><subfield code="c">NPX</subfield><subfield code="d">NPH</subfield><subfield code="d">OCLCQ</subfield></datafield><datafield ind1=" " ind2=" " tag="042"><subfield code="a">msc</subfield></datafield><datafield ind1="0" ind2="4" tag="245"><subfield code="a">The Hawley times.</subfield></datafield><datafield ind1=" " ind2=" " tag="260"><subfield code="a">Hawley, Pa. :</subfield><subfield code="b">Woodward Bros.,</subfield><subfield code="c">1874-1952.</subfield></datafield><datafield ind1=" " ind2=" " tag="300"><subfield code="a">75 v. ;</subfield><subfield code="c">41-55 cm.</subfield></datafield><datafield ind1=" " ind2=" " tag="310"><subfield code="a">Weekly</subfield></datafield><datafield ind1="0" ind2=" " tag="362"><subfield code="a">Vol. 1, no. 15 [i.e. no. 1] (Sept. 18, 1874)-v. 75, no. 41 (Oct. 9, 1952).</subfield></datafield><datafield ind1=" " ind2=" " tag="500"><subfield code="a">Publisher: Frank P. Woodward &lt;1876&gt;.</subfield></datafield><datafield ind1=" " ind2=" " tag="500"><subfield code="a">Published every Friday.</subfield></datafield><datafield ind1=" " ind2=" " tag="500"><subfield code="a">Editor: Frank P. Woodward, &lt;1876&gt;.</subfield></datafield><datafield ind1=" " ind2=" " tag="515"><subfield code="a">Suspended with June 30, 1876 issue; resumed in Aug. 1876. Cf. Mathews, A. Hist. of Wayne, Pike and Monroe Counties, Pa., 1886.</subfield></datafield><datafield ind1=" " ind2=" " tag="752"><subfield code="a">United States</subfield><subfield code="b">Pennsylvania</subfield><subfield code="c">Wayne</subfield><subfield code="d">Hawley.</subfield></datafield><datafield ind1="0" ind2="7" tag="785"><subfield code="t">Wayne County citizen (Honesdale, Pa.)</subfield><subfield code="w">(DLC)sn 87008006</subfield></datafield><datafield ind1="0" ind2="7" tag="785"><subfield code="t">Citizen-times (Honesdale, Pa.)</subfield><subfield code="w">(DLC)sn 87078081</subfield></datafield><datafield ind1="1" ind2=" " tag="029"><subfield code="a">AU@</subfield><subfield code="b">000025791356</subfield></datafield></record>